<record><leader>00000cas a2200000 a 4500</leader><controlfield tag="001">10921360</controlfield><controlfield tag="008">840706d19791986nyumn ne      0   a0eng c</controlfield><datafield ind1=" " ind2=" " tag="010"><subfield code="a">sn 84006626 </subfield></datafield><datafield ind1=" " ind2=" " tag="040"><subfield code="a">NSD</subfield><subfield code="b">eng</subfield><subfield code="c">NSD</subfield><subfield code="d">NST</subfield><subfield code="d">NSD</subfield><subfield code="d">NST</subfield><subfield code="d">NYS</subfield><subfield code="d">OCLCQ</subfield><subfield code="d">JPG</subfield><subfield code="d">OCLCQ</subfield><subfield code="d">OCLCF</subfield><subfield code="d">OCLCO</subfield></datafield><datafield ind1=" " ind2=" " tag="012"><subfield code="i">8610</subfield><subfield code="l">1</subfield><subfield code="m">1</subfield></datafield><datafield ind1=" " ind2=" " tag="019"><subfield code="a">58918153</subfield></datafield><datafield ind1="1" ind2=" " tag="022"><subfield code="a">0748-3066</subfield><subfield code="l">0748-3066</subfield><subfield code="2">1</subfield></datafield><datafield ind1="1" ind2=" " tag="029"><subfield code="a">AU@</subfield><subfield code="b">000020334982</subfield></datafield><datafield ind1="1" ind2=" " tag="029"><subfield code="a">ZWZ</subfield><subfield code="b">039715116</subfield></datafield><datafield ind1=" " ind2=" " tag="032"><subfield code="a">767910</subfield><subfield code="b">USPS</subfield></datafield><datafield ind1=" " ind2=" " tag="037"><subfield code="b">East Village Eye, 611 Broadway, New York, NY 10012</subfield></datafield><datafield ind1=" " ind2=" " tag="042"><subfield code="a">nsdp</subfield><subfield code="a">pcc</subfield></datafield><datafield ind1=" " ind2=" " tag="043"><subfield code="a">n-us-ny</subfield></datafield><datafield ind1=" " ind2="4" tag="050"><subfield code="a">N6535</subfield><subfield code="b">.E27 1979</subfield></datafield><datafield ind1=" " ind2="0" tag="222"><subfield code="a">East Village eye</subfield></datafield><datafield ind1="0" ind2="0" tag="245"><subfield code="a">East Village eye.</subfield></datafield><datafield ind1=" " ind2=" " tag="260"><subfield code="a">[New York, N.Y. :</subfield><subfield code="b">East Village Eye, Inc.]</subfield></datafield><datafield ind1=" " ind2=" " tag="300"><subfield code="a">8 v. :</subfield><subfield code="b">ill. ;</subfield><subfield code="c">40 cm.</subfield></datafield><datafield ind1=" " ind2=" " tag="310"><subfield code="a">Monthly (except Jan.),</subfield><subfield code="b">&lt;Aug. 1984&gt;-Aug. 1986</subfield></datafield><datafield ind1=" " ind2=" " tag="321"><subfield code="a">Monthly,</subfield><subfield code="b">May 1979-v. 2, no. 7 (1980)</subfield></datafield><datafield ind1=" " ind2=" " tag="321"><subfield code="a">Biweekly,</subfield><subfield code="b">vol. 2, no. 8 (1980)-v. 2, no. 12 (1980)</subfield></datafield><datafield ind1=" " ind2=" " tag="321"><subfield code="a">10 issues a year,</subfield><subfield code="b">v. 2, no. 13 (1980)-</subfield></datafield><datafield ind1="0" ind2=" " tag="362"><subfield code="a">Vol. 1, no. 1 (May, 1979)-Aug. 1986.</subfield></datafield><datafield ind1=" " ind2=" " tag="500"><subfield code="a">"It's all true," 1979-</subfield></datafield><datafield ind1=" " ind2=" " tag="500"><subfield code="a">Publisher: Leonard Abrams.</subfield></datafield><datafield ind1=" " ind2=" " tag="500"><subfield code="a">Issue for June 1985 accompanied by a fold-out map of the East Village.</subfield></datafield><datafield ind1=" " ind2=" " tag="515"><subfield code="a">Various mistakes in numbering.</subfield></datafield><datafield ind1=" " ind2=" " tag="515"><subfield code="a">Issues for May-Aug. 1986 lack numbering, but constitute vol. 8, no. 65-68.</subfield></datafield><datafield ind1=" " ind2=" " tag="530"><subfield code="a">Available on microfilm from New York Public Library and UMI (Underound newspaper/press collection).</subfield></datafield><datafield ind1=" " ind2=" " tag="580"><subfield code="a">Issue for Feb. 1980 includes: Priceless lies.</subfield></datafield><datafield ind1=" " ind2=" " tag="588"><subfield code="a">Description based on: Vol. 5, no. 44 (June 1984); title from cover.</subfield></datafield><datafield ind1=" " ind2="0" tag="650"><subfield code="a">Underground press publications</subfield><subfield code="z">New York (State)</subfield><subfield code="z">New York</subfield><subfield code="v">Sources.</subfield></datafield><datafield ind1=" " ind2="0" tag="651"><subfield code="a">New York (N.Y.)</subfield><subfield code="v">Newspapers.</subfield></datafield><datafield ind1=" " ind2="0" tag="651"><subfield code="a">New York County (N.Y.)</subfield><subfield code="v">Newspapers.</subfield></datafield><datafield ind1=" " ind2="7" tag="655"><subfield code="a">Newspapers.</subfield><subfield code="2">fast</subfield><subfield code="0">(OCoLC)fst01423814</subfield></datafield><datafield ind1=" " ind2="7" tag="655"><subfield code="a">Sources.</subfield><subfield code="2">fast</subfield><subfield code="0">(OCoLC)fst01423900</subfield></datafield><datafield ind1=" " ind2="7" tag="650"><subfield code="a">Underground press publications.</subfield><subfield code="2">fast</subfield><subfield code="0">(OCoLC)fst01160984</subfield></datafield><datafield ind1=" " ind2="7" tag="651"><subfield code="a">New York (State)</subfield><subfield code="z">New York.</subfield><subfield code="2">fast</subfield><subfield code="0">(OCoLC)fst01204333</subfield></datafield><datafield ind1=" " ind2="7" tag="651"><subfield code="a">New York (State)</subfield><subfield code="z">New York County.</subfield><subfield code="2">fast</subfield><subfield code="0">(OCoLC)fst01234953</subfield></datafield><datafield ind1=" " ind2=" " tag="752"><subfield code="a">United States</subfield><subfield code="b">New York</subfield><subfield code="c">New York</subfield><subfield code="d">New York.</subfield></datafield><datafield ind1="1" ind2=" " tag="775"><subfield code="a">Priceless lies</subfield><subfield code="b">Feb., 1980</subfield></datafield><datafield ind1="1" ind2=" " tag="776"><subfield code="c">Microfilm</subfield><subfield code="d">New York Public Library</subfield><subfield code="w">(DLC)sn 92014913</subfield><subfield code="w">(OCoLC)27049235</subfield></datafield><datafield ind1="1" ind2=" " tag="776"><subfield code="c">Microfilm</subfield><subfield code="d">UMI</subfield><subfield code="k">Underground newspaper collection</subfield><subfield code="k">Underground press collection</subfield><subfield code="w">(OCoLC)9004832</subfield></datafield><datafield ind1="0" ind2="0" tag="785"><subfield code="t">Eye (New York, N.Y. : 1986)</subfield><subfield code="w">(OCoLC)228434421</subfield></datafield><datafield ind1=" " ind2=" " tag="850"><subfield code="a">NN</subfield></datafield></record>